@book{choset2005principles,
  title={Principles of robot motion: theory, algorithms, and implementation},
  author={Choset, Howie M and Hutchinson, Seth and Lynch, Kevin M and Kantor, George and Burgard, Wolfram and Kavraki, Lydia E and Thrun, Sebastian},
  year={2005},
  month={5},
  publisher={MIT press},
  address={Cambridge},
  isbn={978-0-262-03327-5}
}

@book{thrun2005probabilistic,
  title={Probabilistic Robotics},
  author={Thrun, Sebastian and Burgard, Wolfram and Fox, Dieter},
  year={2005},
  month={8},
  publisher={MIT press},
  address={Cambridge},
  isbn={978-0-262-20162-9}
}
