@Misc{Intel2023,
  author = {Intel},
  month  = jun,
  title  = {Robotics Technology Solutions},
  year   = {2023},
  groups = {presentation},
  url    = {https://www.intel.com/content/www/us/en/robotics/overview.html},
}
